@book{Sakurai_Napolitano_2020, title={Modern Quantum Mechanics}, publisher={Cambridge University Press}, author={Sakurai, J. J. and Napolitano, Jim}, year={2020}}
@book{bookjeanbricmont,
   title =     {Making Sense of Quantum Mechanics},
   author = {Jean Bricmont},
   publisher = {Springer},
   year =      {2016}}